@article{blackburn2019eht,
  title={EHT-HOPS pipeline for millimeter VLBI data reduction},
  author={Blackburn, Lindy and Chan, Chi-kwan and Crew, Geoffrey B and Fish, Vincent L and Issaoun, Sara and Johnson, Michael D and Wielgus, Maciek and Akiyama, Kazunori and Barrett, John and Bouman, Katherine L and others},
  journal={The Astrophysical Journal Letters},
  year={2019}
}

@article{deller2007difx,
  title={DiFX: a software correlator for very long baseline interferometry using multiprocessor computing environments},
  author={Deller, Adam T and Tingay, SJ and Bailes, M and West, C},
  journal={Publications of the Astronomical Society of the Pacific},
  volume={119},
  number={853},
  pages={318},
  year={2007},
  publisher={IOP Publishing}
}

@article{deller2011difx,
  title={DiFX-2: a more flexible, efficient, robust, and powerful software correlator},
  author={Deller, Adam T and Brisken, WF and Phillips, CJ and Morgan, John and Alef, W and Cappallo, R and Middelberg, E and Romney, J and Rottmann, H and Tingay, SJ and others},
  journal={Publications of the Astronomical Society of the Pacific},
  volume={123},
  number={901},
  pages={275},
  year={2011},
  publisher={IOP Publishing}
}



@article{eht1,
  title={First M87 Event Horizon Telescope Results. I. The Shadow of the Supermassive Black Hole},
  author={Akiyama, Kazunori and Alberdi, Antxon and Alef, Walter and Asada, Keiichi and Azulay, Rebecca and Baczko, Anne-Kathrin and Ball, David and Balokovi{\'c}, Mislav and Barrett, John and Bintley, Dan and others},
  journal={The Astrophysical Journal Letters},
  volume={875},
  number={1},
  pages={L1},
  year={2019},
  publisher={IOP Publishing}
}

@article{eht2,
  title={First M87 Event Horizon Telescope Results. II. Array and Instrumentation},
  author={Akiyama, Kazunori and Alberdi, Antxon and Alef, Walter and Asada, Keiichi and Azulay, Rebecca and Baczko, Anne-Kathrin and Ball, David and Balokovi{\'c}, Mislav and Barrett, John and Bintley, Dan and others},
  journal={The Astrophysical Journal Letters},
  volume={875},
  number={1},
  pages={L2},
  year={2019},
  publisher={IOP Publishing}
}

@article{eht3,
  title={First M87 Event Horizon Telescope Results. III. Data Processing and Calibration},
  author={Akiyama, Kazunori and Alberdi, Antxon and Alef, Walter and Asada, Keiichi and Azulay, Rebecca and Baczko, Anne-Kathrin and Ball, David and Balokovi{\'c}, Mislav and Barrett, John and Bintley, Dan and others},
  journal={The Astrophysical Journal Letters},
  volume={875},
  number={1},
  pages={L3},
  year={2019},
  publisher={IOP Publishing}
}

@article{petrachenko2013,
    title={The VLBI2010 Global Observing System (VGOS)},
    author={Petrachenko, William; Behrend, Dirk; Hase, Hayo; Ma, Chopo; Niell, Arthur; Schuh, Harald; Whitney, Alan},
    journal={EGU General Assembly 2013, held 7-12 April},
    year={2013}
}

@article{niell2018,
author = {Niell, A. and Barrett, J. and Burns, A. and Cappallo, R. and Corey, B. and Derome, M. and Eckert, C. and Elosegui, P. and McWhirter, R. and Poirier, M. and Rajagopalan, G. and Rogers, A. and Ruszczyk, C. and SooHoo, J. and Titus, M. and Whitney, A. and Behrend, D. and Bolotin, S. and Gipson, J. and Gordon, D. and Himwich, E. and Petrachenko, B.},
doi = {10.1029/2018RS006617},
file = {:home/gbc/.local/share/data/Mendeley Ltd./Mendeley Desktop/Downloaded/Niell et al. - 2018 - Demonstration of a Broadband Very Long Baseline Interferometer System A New Instrument for High-Precision Space Ge.pdf:pdf},
issn = {00486604},
journal = {Radio Science},
month = {oct},
number = {10},
pages = {1269--1291},
publisher = {John Wiley {\&} Sons, Ltd},
title = {{Demonstration of a Broadband Very Long Baseline Interferometer System: A New Instrument for High-Precision Space Geodesy}},
url = {http://doi.wiley.com/10.1029/2018RS006617},
volume = {53},
year = {2018}
}

@article{whitney2004mark,
  title={Mark 4 VLBI correlator: Architecture and algorithms},
  author={Whitney, AR and Cappallo, R and Aldrich, W and Anderson, B and Bos, A and Casse, J and Goodman, J and Parsley, S and Pogrebenko, S and Schilizzi, R and others},
  journal={Radio Science},
  volume={39},
  number={1},
  pages={1--24},
  year={2004},
  publisher={AGU}
}
